@article{alvesa:84,
  author = 	 {Davi Juliano Ferreira Alvesa, Bruno Avelino,Victor Castro Nacif de Faria, Eduardo A. A. G. Macedo, Vitor Galioti Martini, Bruno Salezze Vieira, Antonio Augusto Chaves},
  title = 	 {ESTUDO COMPARATIVO DE METAHEURÍSTICAS
 APLICADAS AO PROBLEMA DO CAIXEIRO VIAJANTE MULTIPLO},
  publisher = 	 {Galoá},
  year = 	 {2022},
  journal = 	 {SBPO 2022}
}


@InCollection{hehao:22,
  author = 	 {Pengfei He and Jin-Kao Hao},
  title = 	 {Hybrid search with neighborhood reduction for
the multiple traveling salesman problem},
  publisher =    {LERIA, Universite´ d'Angers},
  year = 	 {2022},
  editor = 	 { Elsevier}
}
